@inproceedings{stoll2015comparison,
  title={Comparison of CFD and experimental results of the LEAPTech distributed electric propulsion blown wing},
  author={Stoll, Alex M},
  booktitle={15th AIAA aviation technology, integration, and operations conference},
  pages={3188},
  year={2015}
}

@article{murray2016leaptech,
  title={The LEAPTech Experiment, Approach, Results, Recommendations},
  author={Murray, James and Lechniak, Jason},
  year={2016}
}

@inproceedings{autor,
  title={},
  author={O autor}
}

@incollection{gonzalez2011components,
  title={Components of a Wind Tunnel Balance: Design and Calibration},
  author={Gonzalez, Miguel and Ezquerro, Jos{\'e} Miguel and Lapuerta, Victoria and Laver{\'o}n, Ana and Rodr{\'\i}guez, Jacobo},
  booktitle={Wind Tunnels and Experimental Fluid Dynamics Research},
  year={2011},
  publisher={IntechOpen}
}

@article{lohninger2010fundamentals,
  title={Fundamentals of statistics},
  author={Lohninger, H},
  journal={Retrieved December},
  volume={5},
  pages={2010},
  year={2010}
}

@book{oppenheim1999discrete,
  title={Discrete-time signal processing},
  author={Oppenheim, Alan V},
  year={1999},
  publisher={Pearson Education India}
}

@article{smith1997scientist,
  title={The scientist and engineer's guide to digital signal processing},
  author={Smith, Steven W and others},
  year={1997},
  publisher={California Technical Pub. San Diego}
}

@book{gorlin1966wind,
  title={Wind tunnels and their instrumentation},
  author={Gorlin, Samuil Matusovich and Slezinger, Isaak Isaevich},
  number={346},
  year={1966},
  publisher={Israel Program for Scientific Translations;[available from the US Department~…}
}

@article{barlow2015low,
  title={Low speed wind tunnel testing},
  author={Barlow, Jewel B and Rae Jr, William H and Pope, Alan},
  journal={INCAS Bulletin},
  volume={7},
  number={1},
  pages={133},
  year={2015},
  publisher={INCAS-National Institute for Aerospace Research" Elie Carafoli"}
}

@article{cattafesta2010fundamentals,
  title={Fundamentals of wind-tunnel design},
  author={Cattafesta, Louis and Bahr, Chris and Mathew, Jose},
  journal={Encyclopedia of Aerospace Engineering},
  year={2010},
  publisher={Wiley Online Library}
}

@book{anderson1984fundamentals,
  title={Fundamentals of aerodynamics},
  author={Anderson, J.D.},
  isbn={9780070016569},
  year={1984},
  publisher={McGraw-Hill}
}

@book{abbott1959theory,
  title={Theory of wing sections, including a summary of airfoil data},
  author={Abbott, Ira Herbert and Von Doenhoff, Albert Edward},
  year={1959},
  publisher={Courier Corporation}
}

@book{prandtl1921applications,
  title={Applications of modern hydrodynamics to aeronautics},
  author={Prandtl, Ludwig},
  year={1921}
}

@phdthesis{azartash2017evaluation,
  title={Evaluation of Low-Cost Multi-Hole Probes for Atmospheric Boundary Layer Investigation},
  author={Azartash-Namin, Solmoz Kathleen},
  year={2017}
}

@article{lee1986calibration,
  title={Calibration and data reduction for a five-hole probe},
  author={Lee, CS and Wood, NJ},
  journal={NASA STI/Recon Technical Report N},
  volume={86},
  year={1986}
}

@techreport{treaster1978calibration,
  title={The calibration and application of five-hole probes},
  author={Treaster, Allen L and Yocum, Adam M},
  year={1978},
  institution={PENNSYLVANIA STATE UNIV UNIVERSITY PARK APPLIED RESEARCH LAB}
}

@article{huffman1980flow,
  title={Flow direction probes from a theoretical and experimental point of view},
  author={Huffman, G David and Rabe, DC and Poti, ND},
  journal={Journal of Physics E: Scientific Instruments},
  volume={13},
  number={7},
  pages={751},
  year={1980},
  publisher={IOP Publishing}
}

@misc{eenews_europe_2016,
  title={Sensor sales will continue to grow as prices tumble},
  url={https://www.eenewseurope.com/news/sensor-sales-will-continue-grow-prices-tumble},
  journal={eeNews Europe},
  year={2016},
  month={Jul}
}

@misc{semiconductor_engineering_2017,
  title={Will Higher Production Costs Hamper IoT Growth?},
  url={https://semiengineering.com/will-higher-production-costs-hamper-iot-growth/},
  journal={Semiconductor Engineering},
  year={2017},
  month={May}
}

@inproceedings{perlmutter2012high,
  title={High-performance, low cost inertial MEMS: A market in motion!},
  author={Perlmutter, Michael and Robin, Laurent},
  booktitle={Proceedings of the 2012 IEEE/ION Position, Location and Navigation Symposium},
  pages={225--229},
  year={2012},
  organization={IEEE}
}

@article{brief2011growth,
  title={Growth opportunity in global uav market},
  author={Brief, Lucintel},
  journal={Las Colinas, USA},
  year={2011}
}

@article{nitta2015li,
  title={Li-ion battery materials: present and future},
  author={Nitta, Naoki and Wu, Feixiang and Lee, Jung Tae and Yushin, Gleb},
  journal={Materials today},
  volume={18},
  number={5},
  pages={252--264},
  year={2015},
  publisher={Elsevier}
}

@incollection{tarascon2011issues,
  title={Issues and challenges facing rechargeable lithium batteries},
  author={Tarascon, J-M and Armand, Michel},
  booktitle={Materials for Sustainable Energy: A Collection of Peer-Reviewed Research and Review Articles from Nature Publishing Group},
  pages={171--179},
  year={2011},
  publisher={World Scientific}
}

@book{anderson1995computational,
  title={Computational fluid dynamics},
  author={Anderson, John David and Wendt, J},
  volume={206},
  year={1995},
  publisher={Springer}
}

@misc{brasil2018sae,
    title={20a Competiçao SAE Brasil AeroDesign 2018},
    author={SAE},
    year={2018},
    publisher={Regulamento da 20a Competiçao SAE Brasil AeroDesign}
}

@misc{vivace_2018, 
    title={CeuAzul/Vivace}, 
    url={https://github.com/CeuAzul/Vivace}, 
    journal={GitHub}, 
    author={CeuAzul}, 
    year={2018}, 
    month={Oct}
}

@article{montero2001material,
  title={Material characterization of fused deposition modeling (FDM) ABS by designed experiments},
  author={Montero, Michael and Roundy, Shad and Odell, Dan and Ahn, Sung-Hoon and Wright, Paul K},
  journal={Society of Manufacturing Engineers},
  volume={10},
  number={13552540210441166},
  year={2001}
}

@article{borges2008desenvolvimento,
  title={Desenvolvimento de um medidor de {\^a}ngulo de ataque para aeronaves de pequeno porte},
  author={Borges, Joao Francisco Alves},
  year={2008},
  publisher={UFMG}
}